@MANUAL{manual-identifier,
  author={John Doe},
  title={A nice manual},
  year={2010}
}

@ARTICLE{article-identifier,
  author={John Doe},
  title={A nice paper},
  journal={Journal of the nice papers},
  volume={1},
  number={2},
  pages={3--4},
  year={2011},
  publisher={PUBLISHER}
}

@BOOK{book-identifier,
  author = {John Doe},
  title = {A nice book},
  year = {2012},
  isbn = {123456789},
  publisher = {PUBLISHER}
}

@ONLINE{website-identifier,
  author={{ABCD}},
  title={A nice Web page},
  url={https://www.example.com},
  urldate={2018-01-01}
}
